{1:F01BANK DANAMON}{2:GODREJ}{4:
:20:201129
:25:003600255164
:28C:00334
:60F:C201129IDR000005150505
:61:201021C000010000000NTRF1                                       
:86:Cross Cost Center MSC
:61:201021D000002500000NMSCCPS0000000009981                        
:86:14450307/GAJAH DUA PT/12376KPK
:61:201021D000001200000NMSCCPS0000000010001                        
:86:14450307/GAJAH DUA PT/NOTARIS
:61:201021D000000100000NTRF
:86:982211-SERVICE CHARGE PROV LIM :-LC-820NPRD210310001
:61:201021D000001000000NTRF
:86:982210-SERVICE CHARGE ADM LIMI :-LC-820NPRD210310001
:61:201023D000000000004NTAX
:86:TAX Deducted
:61:201023C000000000022NINT
:86:Credit Interest Capitalised
:61:201027D000000006000NCHG
:86:STAMP DUTY FEE
:61:201110D000000038000NCHG
:86:MONTHLY ADMINISTRATION FEE
:61:201120C000000000609NINT
:86:Credit Interest Capitalised
:61:201120D000000000122NTAX
:86:TAX Deducted
:61:201124D000000006000NCHG
:86:STAMP DUTY FEE
:62F:D201129IDR000005150505
-}


